<?xml version="1.0" encoding="UTF-8"?><collection xmlns="http://www.loc.gov/MARC21/slim"><record><leader>00715nam--2200193-i-4500</leader><controlfield tag="001">000018586</controlfield><controlfield tag="002">20161230</controlfield><controlfield tag="005">20161230201032</controlfield><controlfield tag="008">060222s1000------------r-----000-0-eng-d</controlfield><datafield ind1=" " ind2=" " tag="040"><subfield code="a">IFIN-HH</subfield></datafield><datafield ind1=" " ind2=" " tag="080"><subfield code="a">539.12</subfield></datafield><datafield ind1="1" ind2=" " tag="100"><subfield code="a">Cremieu-alcan, E</subfield></datafield><datafield ind1="1" ind2="0" tag="245"><subfield code="a">Conference internationale d'aix-en-provence sur les particles elementaires, 14-20 septembre 1961</subfield><subfield code="b">The aix-en-provence international conference on elementary particles 14-20 september 1961</subfield><subfield code="c">E. cremieu-alcan, p. falk-vairant, o. lebey (eds.)</subfield></datafield><datafield ind1=" " ind2=" " tag="260"><subfield code="a">Saclay</subfield><subfield code="b">Centre D'Etudes Nucleaires</subfield><subfield code="c">1961</subfield></datafield><datafield ind1=" " ind2=" " tag="300"><subfield code="a">2 VOLUME</subfield></datafield><datafield ind1="1" ind2=" " tag="700"><subfield code="a">Lebey, O</subfield><subfield code="e">Ed</subfield></datafield><datafield ind1="1" ind2=" " tag="787"><subfield code="a">Volume 2</subfield><subfield code="h">210 P</subfield><subfield code="t">Seances Plenieres</subfield></datafield><datafield ind1=" " ind2=" " tag="852"><subfield code="a">17829</subfield><subfield code="c">539.12</subfield></datafield><datafield ind1=" " ind2=" " tag="CAT"><subfield code="a">Sys</subfield><subfield code="c">20111103</subfield><subfield code="h">105005</subfield></datafield></record></collection>